@article{
findlay_2020,
title={Climate change causing sea temperatures to rise},
url={https://www.pressandjournal.co.uk/fp/business/north-of-scotland/1784796/climate-change-causing-sea-temperatures-to-rise/},
journal={Press and Journal},
author={Findlay, Keith},
year={2020}
},

@article{
gigy_smalls,
title={Impact of ocean warming on
sustainable fisheries management
informs the Ecosystem Approach to
Fisheries},
url={https://www.nature.com/articles/s41598-017-13220-7.pdf},
author={N. Serpetti and A. R. Baudron and M. T. Burrows and B. L. Payne and P. Helaouët and P. G. Fernandes and J. J. Heymans},
% N. Serpetti, A. R. Baudron, M. T. Burrows, B. L. Payne, P. Helaouët, P. G. Fernandes, and J. J. Heymans
journal={Nature},
year={2017}
},

@misc{
Cindi,
title = {Why do fish breathe slower in cold water?},
url = {https://www.cuteness.com/article/do-breathe-slower-cold-water},
author={Cindi Pearce},
},

@misc{
borunda,
title={Ocean warming, explained},
url={https://www.nationalgeographic.com/environment/oceans/critical-issues-sea-temperature-rise/#close},
author={Alejandra Borunda},
year={2019}
},


@misc{chouinard_2015,
title={Spawning Stock Biomass},
url={http://www.ices.dk/news-and-events/Blogs/Inotherwords/Lists/Posts/Post.aspx?ID=18},
journal={ICES - In Other Words},
author={Chouinard, Ghislain},
year={2015}
},

@misc{
waterTemp,
title={Ocean Warming},
url={https://www.iucn.org/resources/issues-briefs/ocean-warming},
journal={IUCN}
}

@article{
mack_SSB,
title={North East Atlantic Mackerel},
author ={John Simmonds},
url={https://www2.gov.scot/Uploads/Documents/MackerelStocks.pdf}
},


@article{
herr_SSB,
title={Herring (Clupea harengus) in divisions 7.a South of 52 30’N, 7.g–h, and 7.j–k (Irish Sea, Celtic Sea, and
southwest of Ireland)},
author ={ICES},
},

@misc{
tempData,
url={https://seatemperature.info/united-kingdom/aberdeen-water-temperature.html}
},

@article{
ICES_mackerel,
title={Mackerel (Scomber scombrus) in subareas 1–8 and 14, and in Division 9.a (the
Northeast Atlantic and adjacent waters)},
author={ICES},
year={2019},
journal={Report of the ICES Advisory Committee},
url={https://doi.org/10.17895/ices.advice.4885}
},

@misc{
advection_dispersion,
title = {Advection-Dispersion Across Interfaces},
url={https://arxiv.org/pdf/1310.7643.pdf},
author = { Jorge M. Ramirez, Enrique A. Thomann, Edward C. Waymire },
journal = {Institute of Mathematical Statistics},
year ={2013}
},

@misc{
uk_map,
title={United Kingdom Map},
author={Google},
year={2020},
},

@misc{
marine_economy,
title={Scotland's marine economic statistics 2016},
url={https://www.gov.scot/publications/scottish-sea-fisheries-statistics-2018/pages/3/},
journal ={Scottish government},
year ={2018}
},

@misc{
scot_fishery,
title ={Scottish sea fisheries statistics 2018},
url={https://www.gov.scot/publications/scottish-sea-fisheries-statistics-2018/pages/3/},
journal={Scottish government},
year={2019}
}

